@article{Reference1, 
	Abstract = {},
	Author = {Treu, Tommaso},
	Journal = {Annual Review of Astronomy ans Astrophysics},
	Month = {},
	Number = {},
	Numpages = {3},
	Pages = {87--125},
	Title = {Strong Lensing by Galaxies},
	Volume = {48},
	Url = {},
	Year = {2010}}

@article{Reference2,
	Author = {R. F. J. Van der Burg et. al.},
	Journal = {preprint arXiv:1412.2137v2},
	Number = {},
	Pages = {},
	Title = {Evidence for the inside-out growth of the stellar mass distribution in galaxy clusters since $z\approx 1$},
	Volume = {},
	Url = {},
	Year = {2015}}

@article{Reference3,
	Author = {Binney J., Tremaine S.},
	Journal = {Princeton University Press},
	Number = {},
	Pages = {},
	Title = {Galactic Dynamics},
	Volume = {},
	Url = {},
	Year = {1994}}
	
@article{Reference4,
	Author = {C. O. Wright \& Teresa G. Brainerd, Teresa.},
	Journal = {preprint arXiv:astro-ph/9908213v1},
	Number = {},
	Pages = {},
	Title = {Gravitational Lensing by NFW halos},
	Volume = {},
	Url = {},
	Year = {1999}}

@article{Reference5,
	Author = {Smith, Russell.},
	Journal = {MNRAS},
	Number = {},
	Pages = {L69--L73},
	Title = {Variations in the initial mass function in early-type galaxies: a critical comparison between dynamical and spectroscopic results},
	Volume = {443},
	Url = {},
	Year = {2014}}

@article{Reference6,
	Author = {C. Bildfell et. al.},
	Journal = {MNRAS},
	Number = {},
	Pages = {204--221},
	Title = {Evolution of the red sequence giant to dwarf ratio in galaxy clusters out to $z\approx 0.5$},
	Volume = {425},
	Url = {},
	Year = {2012}}

@article{Reference7,
	Author = {Smith, Russell \& Lucey, John.},
	Journal = {MNRAS},
	Number = {},
	Pages = {1--14},
	Title = {A giant elliptical galaxy with a lightweight initial mass function},
	Volume = {000},
	Url = {},
	Year = {2013}}

@article{Reference8,
	Author = {R. J. Smith et. al.},
	Journal = {MNRAS},
	Number = {},
	Pages = {1--14},
	Title = {The IMF-sensitive 1.14-$\mu$m Na I doublet in early-type galaxies},
	Volume = {000},
	Url = {},
	Year = {2013}}

@article{Reference9,
	Author = {C. Sifon et. al.},
	Journal = {A\& A},
	Number = {},
	Pages = {A48},
	Title = {Constraints on the alignment of galaxies in galaxy clusters from \~14000 spectroscopic members},
	Volume = {575},
	Url = {},
	Year = {2015}}

@article{Reference10,
	Author = {S. M. Adams et. al.},
	Journal = {The Astrophysical Journal},
	Number = {},
	Pages = {128--139},
	Title = {The environmental dependence of the incidence of galactic tidal features},
	Volume = {144},
	Url = {},
	Year = {2012}}

@article{Reference11,
	Author = {D. J. Sand et. al.},
	Journal = {The Astrophysical Journal},
	Number = {},
	Pages = {142--155},
	Title = {Intracluster supernovae in the multi-epoch nearby cluster survey},
	Volume = {729},
	Url = {},
	Year = {2011}}

@article{Reference12,
	Author = {J. C. Munoz Cuartas et. al.},
	Journal = {MNRAS},
	Number = {},
	Pages = {1--11},
	Title = {The redshift evolution of $\Lambda CDM$ halo parameters: concentration, spin and shape},
	Volume = {000},
	Url = {},
	Year = {2010}}

@article{Reference13,
	Author = {D. Harvey et. al.},
	Journal = {MNRAS},
	Number = {},
	Pages = {1--9},
	Title = {A detection of wobbling Brightest Cluster Galaxies within massive galaxy clusters},
	Volume = {000},
	Url = {},
	Year = {2017}}

@article{Reference14,
	Author = {Ewa L. Lokas \& Gary A. Mamon},
	Journal = {MNRAS},
	Number = {},
	Pages = {155--166},
	Title = {Properties of spherical galaxies and clusters with an NFW density profile},
	Volume = {321},
	Url = {},
	Year = {2001}}

@article{Reference15,
	Author = {A. Sonnenfeld et. al.},
	Journal = {The Astrophysical Journal},
	Number = {},
	Pages = {163--180},
	Title = {Evidence of dark matter contraction and a Salpeter initial mass function in a massive early-type galaxy},
	Volume = {752},
	Url = {},
	Year = {2012}}

@article{Reference16,
	Author = {Brewer et. al.},
	Journal = {MNRAS},
	Number = {},
	Pages = {1--13},
	Title = {The SWELLS Survey. VI. hierarchical inference of the initial mass functions of bulges and discs},
	Volume = {000},
	Url = {},
	Year = {2012}}
	
@article{Reference17,
	Author = {Navarro. Frenk \& White},
	Journal = {The Astrophysical Journal},
	Number = {},
	Pages = {563--575},
	Title = {The structure of cold dark matter halos},
	Volume = {462},
	Url = {},
	Year = {1996}}

@article{Reference18,
	Author = {Matthew R. George et. al.},
	Journal = {The Astrophysical Journal},
	Number = {},
	Pages = {2--18},
	Title = {GALAXIES IN X-RAY GROUPS. II. A WEAK LENSING STUDY OF HALO CENTERING},
	Volume = {757},
	Url = {},
	Year = {2012}}

@article{Reference19,
	Author = {Cappellari et. al.},
	Journal = {Nature},
	Number = {},
	Pages = {485--488},
	Title = {Systematic variation of the stellar initial mass function in early-type galaxies},
	Volume = {484},
	Url = {},
	Year = {2012}}
	
@article{Reference20,
	Author = {Peng et. al.},
	Journal = {The Astronomical Journal},
	Number = {},
	Pages = {266--293},
	Title = {DETAILED STRUCTURAL DECOMPOSITION OF GALAXY IMAGES},
	Volume = {124},
	Url = {},
	Year = {2002}}
	
@article{Reference21,
	Author = {Laigle et. al.},
	Journal = {The Astrophysical Journal},
	Number = {2},
	Pages = {},
	Title = {THE COSMOS2015 CATALOG: EXPLORING THE 1<z<6 UNIVERSE WITH HALF A MILLION GALAXIES},
	Volume = {224},
	Url = {},
	Year = {2016}}
	
@article{Reference22,
	Author = {Brammer, van Dokkum and Coppi},
	Journal = {ApJ},
	Number = {1503},
	Pages = {},
	Title = {EAZY: A Fast, Public Photometric Redshift Code},
	Volume = {686},
	Url = {},
	Year = {2008}}
	
@article{Reference23,
	Author = {Dutton \& Maccio},
	Journal = {MNRAS},
	Number = {},
	Pages = {3359--3374},
	Title = {Cold dark matter haloes in the Planck era: evolution of structural
parameters for Einasto and NFW profiles},
	Volume = {441},
	Url = {},
	Year = {2014}}

@article{Reference24,
	Author = {Courbin, F. et. al.},
	Journal = {Lecture Notes in Physics, Berlin Springer Verlag},
	Number = {},
	Pages = {1},
	Title = {Quasar Lensing},
	Volume = {608},
	Url = {},
	Year = {2002}}

@article{Reference25,
	Author = {Narayan, Ramesh. et. al.},
	Journal = {Proceedings of the 1995 Jerusalem Winter School. Cambridge University Press},
	Number = {},
	Pages = {},
	Title = {Lectures on Gravitational Lensing},
	Volume = {},
	Url = {},
	Year = {1995}}

@article{Reference26,
	Author = {Massimo Meneghetti},
	Journal = {Lecture Scripts, Heildelberg University},
	Number = {},
	Pages = {},
	Title = {Introduction to Gravitational Lensing},
	Volume = {},
	Url = {http://www.ita.uni-heidelberg.de/~massimo/sub/Lectures/gl_all.pdf},
	Year = {2003}}
	
@article{Reference27,
	Author = {Bertin. E \& Arnouts. S},
	Journal = {Astronomy and Astrophysics},
	Number = {},
	Pages = {393-404},
	Title = {SExtractor: Software for source extraction.},
	Volume = {117},
	Url = {},
	Year = {1996}}

@article{Reference28,
	Author = {Thomas. J et. al.},
	Journal = {Proceedings IAU Symposium},
	Number = {311},
	Pages = {},
	Title = {Massive Elliptical Galaxies: BH Scouring or Bottom-Heavy IMF},
	Volume = {},
	Url = {},
	Year = {2014}}

@article{Reference29,
	Author = {Bertin et. al.},
	Journal = {Astronomical Data Analysis Software and Systems XI},
	Number = {},
	Pages = {},
	Title = {The TERAPIX Pipeline},
	Volume = {281},
	Url = {http://adsabs.harvard.edu/abs/2002ASPC..281..228B},
	Year = {2002}}

@article{Reference30,
	Author = {Kroupa, Pavel},
	Journal = {MNRAS},
	Number = {},
	Pages = {231-246},
	Title = {On the variation of the initial mass function},
	Volume = {322},
	Url = {},
	Year = {2001}}

@article{Reference31,
	Author = {Chabrier, Gilles},
	Journal = {The Astronomical Society of the Pacific},
	Number = {},
	Pages = {763-795},
	Title = {Galactic Stellar and Substellar Initial Mass Function},
	Volume = {115},
	Url = {},
	Year = {2003}}

@article{Reference32,
	Author = {de Vaucouleurs, Gerard},
	Journal = {Recherches sur les nebuleuses extragalactiques},
	Number = {},
	Pages = {},
	Title = {Sur la technique de l'analyse microphotometrique des nebuleuses brillantes},
	Volume = {},
	Url = {},
	Year = {1948}}

@article{Reference33,
	Author = {Salpeter, Edwin},
	Journal = {ApJ},
	Number = {161},
	Pages = {},
	Title = {The luminosity function and stellar evolution},
	Volume = {121},
	Url = {},
	Year = {1955}}

@article{Reference34,
	Author = {Smith et al.},
	Journal = {MNRAS},
	Number = {000},
	Pages = {1-12},
	Title = {Stellar dynamics in the strong-lensing central galaxy of Abell 1201: A low stellar mass-to-light ratio, a large central compact mass, and a standard dark matter halo},
	Volume = {},
	Url = {},
	Year = {2017}}

@article{Reference35,
	Author = {},
	Journal = {},
	Number = {},
	Pages = {},
	Title = {Cosmos Catalogue},
	Volume = {},
	Url = {cosmos.astro.caltech.edu/},
	Year = {2017}}
